@article{berkley_feldt, 
	title={Cathode-Ray-Tube Applications in Photography and Optics}, 
	volume={53}, DOI={10.5594/j17812}, 
	number={1}, 
	journal={Journal of the Society of Motion Picture Engineers}, 
	author={Berkley, Carl and Feldt, Rudolf}, 
	year={1949}, 
	pages={64â€“85}
}

@article{Blundell2017,
  doi = {10.1007/s13319-017-0122-2},
  url = {https://doi.org/10.1007/s13319-017-0122-2},
  year  = {2017},
  month = {mar},
  publisher = {Springer Nature},
  volume = {8},
  number = {2},
  author = {Barry G. Blundell},
  title = {On the Uncertain Future of the Volumetric 3D Display Paradigm},
  journal = {3D Research}
}

@misc{babraham123, 
	title={babraham123/3d-display}, 
	url={https://github.com/babraham123/3d-display}, 
	journal={GitHub}, 
	author={babraham123}
}
